@inproceedings{zhang2020gender,
  title={Gender Recognition on RGB-D Image},
  author={Zhang, Xiaoxiong and Javed, Sajid and Obeid, Ahmad and Dias, Jorge and Werghi, Naoufel},
  booktitle={2020 IEEE International Conference on Image Processing (ICIP)},
  pages={1836--1840},
  year={2020},
  organization={IEEE}
}

@article{nigam2018efficient,
  title={Efficient facial expression recognition using histogram of oriented gradients in wavelet domain},
  author={Nigam, Swati and Singh, Rajiv and Misra, AK},
  journal={Multimedia tools and applications},
  volume={77},
  number={21},
  pages={28725--28747},
  year={2018},
  publisher={Springer}
}

@inproceedings{lin2020face,
  title={Face gender recognition based on face recognition feature vectors},
  author={Lin, Yongjing and Xie, Huosheng},
  booktitle={2020 IEEE 3rd International Conference on Information Systems and Computer Aided Education (ICISCAE)},
  pages={162--166},
  year={2020},
  organization={IEEE}
}

@inproceedings{hiremath2021human,
  title={Human Age and Gender Prediction using Machine Learning Algorithm},
  author={Hiremath, Jayaprada S and Patil, Shantakumar B and Patil, Premjyoti S},
  booktitle={2021 IEEE International Conference on Mobile Networks and Wireless Communications (ICMNWC)},
  pages={1--5},
  year={2021},
  organization={IEEE}
}

@inproceedings{tianyu2018human,
  title={Human face gender identification system based on MB-LBP},
  author={Tianyu, Liu and Fei, Li and Rui, Wang},
  booktitle={2018 Chinese Control And Decision Conference (CCDC)},
  pages={1721--1725},
  year={2018},
  organization={IEEE}
}

@inproceedings{dalal2005histograms,
  title={Histograms of oriented gradients for human detection},
  author={Dalal, Navneet and Triggs, Bill},
  booktitle={2005 IEEE computer society conference on computer vision and pattern recognition (CVPR'05)},
  volume={1},
  pages={886--893},
  year={2005},
  organization={Ieee}
}

@inproceedings{khryashchev2013adaptive,
  title={Adaptive feature extraction for gender classification of human faces},
  author={Khryashchev, Vladimir and Shmaglit, Lev and Priorov, Andrey and Shemyakov, Andrey},
  booktitle={Grafikon (Russia)'2013},
  pages={71--74},
  year={2013}
}

@incollection{verma2019local,
  title={Local invariant feature-based gender recognition from facial images},
  author={Verma, Vivek Kumar and Srivastava, Sumit and Jain, Tarun and Jain, Ashish},
  booktitle={Soft computing for problem solving},
  pages={869--878},
  year={2019},
  publisher={Springer}
}

@inproceedings{loo2018influence,
  title={The influence of ethnicity in facial gender estimation},
  author={Loo, EK and Lim, TS and Ong, LY and Lim, CH},
  booktitle={2018 IEEE 14th International Colloquium on Signal Processing \& Its Applications (CSPA)},
  pages={187--192},
  year={2018},
  organization={IEEE}
}

@inproceedings{ahmed2019facial,
  title={Facial expression recognition using convolutional neural network with data augmentation},
  author={Ahmed, Tawsin Uddin and Hossain, Sazzad and Hossain, Mohammad Shahadat and ul Islam, Raihan and Andersson, Karl},
  booktitle={2019 Joint 8th International Conference on Informatics, Electronics \& Vision (ICIEV) and 2019 3rd International Conference on Imaging, Vision \& Pattern Recognition (icIVPR)},
  pages={336--341},
  year={2019},
  organization={IEEE}
}

@inproceedings{rezaoana2020detection,
  title={Detection and classification of skin cancer by using a parallel CNN model},
  author={Rezaoana, Noortaz and Hossain, Mohammad Shahadat and Andersson, Karl},
  booktitle={2020 IEEE International Women in Engineering (WIE) Conference on Electrical and Computer Engineering (WIECON-ECE)},
  pages={380--386},
  year={2020},
  organization={IEEE}
}

@inproceedings{wu2020gender,
  title={Gender classification and bias mitigation in facial images},
  author={Wu, Wenying and Protopapas, Pavlos and Yang, Zheng and Michalatos, Panagiotis},
  booktitle={12th acm conference on web science},
  pages={106--114},
  year={2020}
}

@incollection{poornima2021classification,
  title={Classification of Gender from Face Images and Voice},
  author={Poornima, S and Sripriya, N and Preethi, S and Harish, Saanjana},
  booktitle={Intelligence in Big Data Technologies—Beyond the Hype},
  pages={115--124},
  year={2021},
  publisher={Springer}
}

@inproceedings{sumi2021human,
  title={Human gender detection from facial images using convolution neural network},
  author={Sumi, Tahmina Akter and Hossain, Mohammad Shahadat and Islam, Raihan Ul and Andersson, Karl},
  booktitle={International Conference on Applied Intelligence and Informatics},
  pages={188--203},
  year={2021},
  organization={Springer}
}

@inproceedings{christianinception,
  title={Inception-ResNet and the Impact of Residual Connections on Learning},
  author={Christian, Szegedy},
  booktitle={AAAI Conference on Artificial Intelligence}
}

@inproceedings{gurnani2019saf,
  title={Saf-bage: Salient approach for facial soft-biometric classification-age, gender, and facial expression},
  author={Gurnani, Ayesha and Shah, Kenil and Gajjar, Vandit and Mavani, Viraj and Khandhediya, Yash},
  booktitle={2019 IEEE Winter Conference on Applications of Computer Vision (WACV)},
  pages={839--847},
  year={2019},
  organization={IEEE}
}

% autor VGG
@article{simonyan2014very,
  title={Very deep convolutional networks for large-scale image recognition},
  author={Simonyan, Karen and Zisserman, Andrew},
  journal={arXiv preprint arXiv:1409.1556},
  year={2014}
}

% autor resnet
@inproceedings{he2016deep,
  title={Deep residual learning for image recognition},
  author={He, Kaiming and Zhang, Xiangyu and Ren, Shaoqing and Sun, Jian},
  booktitle={Proceedings of the IEEE conference on computer vision and pattern recognition},
  pages={770--778},
  year={2016}
}

% autor alexnet
@article{krizhevsky2017imagenet,
  title={Imagenet classification with deep convolutional neural networks},
  author={Krizhevsky, Alex and Sutskever, Ilya and Hinton, Geoffrey E},
  journal={Communications of the ACM},
  volume={60},
  number={6},
  pages={84--90},
  year={2017},
  publisher={AcM New York, NY, USA}
}

% autor inception
@inproceedings{szegedy2015going,
  title={Going deeper with convolutions},
  author={Szegedy, Christian and Liu, Wei and Jia, Yangqing and Sermanet, Pierre and Reed, Scott and Anguelov, Dragomir and Erhan, Dumitru and Vanhoucke, Vincent and Rabinovich, Andrew},
  booktitle={Proceedings of the IEEE conference on computer vision and pattern recognition},
  pages={1--9},
  year={2015}
}

% autor Xception
@inproceedings{chollet2017xception,
  title={Xception: Deep learning with depthwise separable convolutions},
  author={Chollet, Fran{\c{c}}ois},
  booktitle={Proceedings of the IEEE conference on computer vision and pattern recognition},
  pages={1251--1258},
  year={2017}
}

@article{yilmaz2021evolutionary,
  title={An evolutionary-based image classification approach through facial attributes},
  author={Yilmaz, Selim and ZALLUHO{\u{G}}LU, CEM{\.I}L},
  journal={Turkish Journal of Electrical Engineering and Computer Sciences},
  volume={29},
  number={2},
  pages={860--874},
  year={2021}
}

% bias por el genero y raza del anotador (no viene al caso pero es util para citarlo en Cap.2)
@inproceedings{kafkalias2022bias,
  title={Bias in Face Image Classification Machine Learning Models: The Impact of Annotator’s Gender and Race},
  author={Kafkalias, Andreas and Herodotou, Stylianos and Theodosiou, Zenonas and Lanitis, Andreas},
  booktitle={IFIP International Conference on Artificial Intelligence Applications and Innovations},
  pages={89--100},
  year={2022},
  organization={Springer}
}

% comparacion de pre, in y post-processing para atacar el bias
@inproceedings{kim2020fair,
  title={Fair representation for safe artificial intelligence via adversarial learning of unbiased information bottleneck.},
  author={Kim, Jin-Young and Cho, Sung-Bae},
  booktitle={SafeAI@ AAAI},
  pages={105--112},
  year={2020}
}

@inproceedings{nafi2020addressing,
  title={Addressing class imbalance in image-based plant disease detection: Deep generative vs. sampling-based approaches},
  author={Nafi, Nasik Muhammad and Hsu, William H},
  booktitle={2020 International Conference on Systems, Signals and Image Processing (IWSSIP)},
  pages={243--248},
  year={2020},
  organization={IEEE}
}

@inproceedings{aka2021measuring,
  title={Measuring model biases in the absence of ground truth},
  author={Aka, Osman and Burke, Ken and Bauerle, Alex and Greer, Christina and Mitchell, Margaret},
  booktitle={Proceedings of the 2021 AAAI/ACM Conference on AI, Ethics, and Society},
  pages={327--335},
  year={2021}
}

@inproceedings{kim2019multiaccuracy,
  title={Multiaccuracy: Black-box post-processing for fairness in classification},
  author={Kim, Michael P and Ghorbani, Amirata and Zou, James},
  booktitle={Proceedings of the 2019 AAAI/ACM Conference on AI, Ethics, and Society},
  pages={247--254},
  year={2019}
}

@inproceedings{krishnan2020understanding,
  title={Understanding fairness of gender classification algorithms across gender-race groups},
  author={Krishnan, Anoop and Almadan, Ali and Rattani, Ajita},
  booktitle={2020 19th IEEE International Conference on Machine Learning and Applications (ICMLA)},
  pages={1028--1035},
  year={2020},
  organization={IEEE}
}

@article{li2019learning,
  title={Learning from large-scale noisy web data with ubiquitous reweighting for image classification},
  author={Li, Jia and Song, Yafei and Zhu, Jianfeng and Cheng, Lele and Su, Ying and Ye, Lin and Yuan, Pengcheng and Han, Shumin},
  journal={IEEE Transactions on Pattern Analysis and Machine Intelligence},
  volume={43},
  number={5},
  pages={1808--1814},
  year={2019},
  publisher={IEEE}
}

@inproceedings{surapaneni2020exploring,
  title={Exploring themes and bias in art using machine learning image analysis},
  author={Surapaneni, Sudeepti and Syed, Sana and Lee, Logan Yoonhyuk},
  booktitle={2020 Systems and Information Engineering Design Symposium (SIEDS)},
  pages={1--6},
  year={2020},
  organization={IEEE}
}

@article{han2020toward,
  title={Toward unbiased facial expression recognition in the wild via cross-dataset adaptation},
  author={Han, Byungok and Yun, Woo-Han and Yoo, Jang-Hee and Kim, Won Hwa},
  journal={IEEE Access},
  volume={8},
  pages={159172--159181},
  year={2020},
  publisher={IEEE}
}

@inproceedings{zhong2021improving,
  title={Improving calibration for long-tailed recognition},
  author={Zhong, Zhisheng and Cui, Jiequan and Liu, Shu and Jia, Jiaya},
  booktitle={Proceedings of the IEEE/CVF conference on computer vision and pattern recognition},
  pages={16489--16498},
  year={2021}
}

@inproceedings{zhang2020towards,
  title={Towards accuracy-fairness paradox: Adversarial example-based data augmentation for visual debiasing},
  author={Zhang, Yi and Sang, Jitao},
  booktitle={Proceedings of the 28th ACM International Conference on Multimedia},
  pages={4346--4354},
  year={2020}
}

@inproceedings{yilma2021generation,
  title={Generation and Transformation Invariant Learning for Tomato Disease Classification},
  author={Yilma, Getinet and Gedamu, Kumie and Assefa, Maregu and Oluwasanmi, Ariyo and Qin, Zhiguang},
  booktitle={2021 IEEE 2nd International Conference on Pattern Recognition and Machine Learning (PRML)},
  pages={121--128},
  year={2021},
  organization={IEEE}
}

@article{yan2019joint,
  title={Joint deep learning of facial expression synthesis and recognition},
  author={Yan, Yan and Huang, Ying and Chen, Si and Shen, Chunhua and Wang, Hanzi},
  journal={IEEE Transactions on Multimedia},
  volume={22},
  number={11},
  pages={2792--2807},
  year={2019},
  publisher={IEEE}
}

@inproceedings{zhao2021lightweight,
  title={A Lightweight Classifier for Facial Expression Recognition based on Evolutionary SVM Ensembles},
  author={Zhao, Yufei and Yang, Jinxin and Du, Jiangtao and Chen, Zhen and Yang, Wen-Chi},
  booktitle={2021 6th International Conference for Convergence in Technology (I2CT)},
  pages={1--9},
  year={2021},
  organization={IEEE}
}

@inproceedings{vallimeena2019cnn,
  title={CNN algorithms for detection of human face attributes--a survey},
  author={Vallimeena, P and Gopalakrishnan, Uma and Nair, Bhavana B and Rao, Sethuraman N},
  booktitle={2019 International Conference on Intelligent Computing and Control Systems (ICCS)},
  pages={576--581},
  year={2019},
  organization={IEEE}
}

@inproceedings{agbo2019face,
  title={Face-based age and gender classification using deep learning model},
  author={Agbo-Ajala, Olatunbosun and Viriri, Serestina},
  booktitle={Pacific-Rim Symposium on Image and Video Technology},
  pages={125--137},
  year={2019},
  organization={Springer}
}

@inproceedings{tuncc2020fuzzy,
  title={Fuzzy Based Noise Removal, Age Group and Gender Prediction with CNN},
  author={Tun{\c{c}}, Ali and Ta{\c{s}}demir, Sakir and K{\"o}kl{\"u}, Murat},
  booktitle={International Conference on Intelligent and Fuzzy Systems},
  pages={204--212},
  year={2020},
  organization={Springer}
}

@incollection{dwivedi2019review,
  title={Review of deep learning techniques for gender classification in images},
  author={Dwivedi, Neelam and Singh, Dushyant Kumar},
  booktitle={Harmony Search and Nature Inspired Optimization Algorithms},
  pages={1089--1099},
  year={2019},
  publisher={Springer}
}

@article{raza2018appearance,
  title={Appearance based pedestrians’ gender recognition by employing stacked auto encoders in deep learning},
  author={Raza, Mudassar and Sharif, Muhammad and Yasmin, Mussarat and Khan, Muhammad Attique and Saba, Tanzila and Fernandes, Steven Lawrence},
  journal={Future Generation Computer Systems},
  volume={88},
  pages={28--39},
  year={2018},
  publisher={Elsevier}
}

@article{agbo2020deeply,
  title={Deeply learned classifiers for age and gender predictions of unfiltered faces},
  author={Agbo-Ajala, Olatunbosun and Viriri, Serestina},
  journal={The Scientific World Journal},
  volume={2020},
  year={2020},
  publisher={Hindawi}
}

@inproceedings{mzhang2020gender,
  title={Gender recognition based on face image},
  author={Zhang, Meiyan and Sun, Jinwei and Liu, Dan and Wang, Qisong},
  booktitle={2020 International Conference on Intelligent Computing and Human-Computer Interaction (ICHCI)},
  pages={134--137},
  year={2020},
  organization={IEEE}
}

@article{garain2021gra_net,
  title={GRA\_net: A deep learning model for classification of age and gender from facial images},
  author={Garain, Avishek and Ray, Biswarup and Singh, Pawan Kumar and Ahmadian, Ali and Senu, Norazak and Sarkar, Ram},
  journal={IEEE Access},
  volume={9},
  pages={85672--85689},
  year={2021},
  publisher={IEEE}
}

@inproceedings{xu2019hierarchical,
  title={Hierarchical multi-task network for race, gender and facial attractiveness recognition},
  author={Xu, Lu and Fan, Heng and Xiang, Jinhai},
  booktitle={2019 IEEE International conference on image processing (ICIP)},
  pages={3861--3865},
  year={2019},
  organization={IEEE}
}

@article{islam2020human,
  title={Human gender classification using transfer learning via Pareto frontier CNN networks},
  author={Islam, Md Mahbubul and Tasnim, Nusrat and Baek, Joong-Hwan},
  journal={Inventions},
  volume={5},
  number={2},
  pages={16},
  year={2020},
  publisher={MDPI}
}

@inproceedings{yu2020humbi,
  title={Humbi: A large multiview dataset of human body expressions},
  author={Yu, Zhixuan and Yoon, Jae Shin and Lee, In Kyu and Venkatesh, Prashanth and Park, Jaesik and Yu, Jihun and Park, Hyun Soo},
  booktitle={Proceedings of the IEEE/CVF Conference on Computer Vision and Pattern Recognition},
  pages={2990--3000},
  year={2020}
}

@article{ranjan2017hyperface,
  title={Hyperface: A deep multi-task learning framework for face detection, landmark localization, pose estimation, and gender recognition},
  author={Ranjan, Rajeev and Patel, Vishal M and Chellappa, Rama},
  journal={IEEE transactions on pattern analysis and machine intelligence},
  volume={41},
  number={1},
  pages={121--135},
  year={2017},
  publisher={IEEE}
}

@inproceedings{chansong2021impacts,
  title={Impacts of kernel size on different resized images in object recognition based on convolutional neural network},
  author={Chansong, Danupon and Supratid, Siriporn},
  booktitle={2021 9th International Electrical Engineering Congress (iEECON)},
  pages={448--451},
  year={2021},
  organization={IEEE}
}

@inproceedings{vowels2020nestedvae,
  title={NestedVAE: Isolating common factors via weak supervision},
  author={Vowels, Matthew J and Camgoz, Necati Cihan and Bowden, Richard},
  booktitle={Proceedings of the IEEE/CVF Conference on Computer Vision and Pattern Recognition},
  pages={9202--9212},
  year={2020}
}

@article{jiang2019robust,
  title={Robust RGB-D face recognition using attribute-aware loss},
  author={Jiang, Luo and Zhang, Juyong and Deng, Bailin},
  journal={IEEE transactions on pattern analysis and machine intelligence},
  volume={42},
  number={10},
  pages={2552--2566},
  year={2019},
  publisher={IEEE}
}

@inproceedings{siniosoglou2021unsupervised,
  title={Unsupervised ethical equity evaluation of adversarial federated networks},
  author={Siniosoglou, Ilias and Argyriou, Vasileios and Bibi, Stamatia and Lagkas, Thomas and Sarigiannidis, Panagiotis},
  booktitle={The 16th International Conference on Availability, Reliability and Security},
  pages={1--6},
  year={2021}
}

@inproceedings{schaaf2021towards,
  title={Towards measuring bias in image classification},
  author={Schaaf, Nina and Mitri, Omar de and Kim, Hang Beom and Windberger, Alexander and Huber, Marco F},
  booktitle={International Conference on Artificial Neural Networks},
  pages={433--445},
  year={2021},
  organization={Springer}
}

@article{wadsworth2018achieving,
  title={Achieving fairness through adversarial learning: an application to recidivism prediction},
  author={Wadsworth, Christina and Vera, Francesca and Piech, Chris},
  journal={arXiv preprint arXiv:1807.00199},
  year={2018}
}

@inproceedings{serna2021insidebias,
  title={InsideBias: Measuring bias in deep networks and application to face gender biometrics},
  author={Serna, Ignacio and Pena, Alejandro and Morales, Aythami and Fierrez, Julian},
  booktitle={2020 25th International Conference on Pattern Recognition (ICPR)},
  pages={3720--3727},
  year={2021},
  organization={IEEE}
}

%WGAN
@inproceedings{arjovsky2017wasserstein,
  title={Wasserstein generative adversarial networks},
  author={Arjovsky, Martin and Chintala, Soumith and Bottou, L{\'e}on},
  booktitle={International conference on machine learning},
  pages={214--223},
  year={2017},
  organization={PMLR}
}

% SMOTE
@article{chawla2002smote,
  title={SMOTE: synthetic minority over-sampling technique},
  author={Chawla, Nitesh V and Bowyer, Kevin W and Hall, Lawrence O and Kegelmeyer, W Philip},
  journal={Journal of artificial intelligence research},
  volume={16},
  pages={321--357},
  year={2002}
}

% ADASYN
@inproceedings{he2008adasyn,
  title={ADASYN: Adaptive synthetic sampling approach for imbalanced learning},
  author={He, Haibo and Bai, Yang and Garcia, Edwardo A and Li, Shutao},
  booktitle={2008 IEEE international joint conference on neural networks (IEEE world congress on computational intelligence)},
  pages={1322--1328},
  year={2008},
  organization={IEEE}
}

% Focal loss
@inproceedings{lin2017focal,
  title={Focal loss for dense object detection},
  author={Lin, Tsung-Yi and Goyal, Priya and Girshick, Ross and He, Kaiming and Doll{\'a}r, Piotr},
  booktitle={Proceedings of the IEEE international conference on computer vision},
  pages={2980--2988},
  year={2017}
}

% --------------------
% Fuzzy + class imbalance papers
% Papers que atacan Class Imbalance con Fuzzy Weighting: hong2021fuzzy, patel2017classification
% --------------------
@inproceedings{hong2021fuzzy,
  title={Fuzzy Adaptive Focal Loss for Imbalanced Datasets},
  author={Hong, Tzung-Pei and Peng, Wei-Chun and Su, Ja-Hwung and Wang, Shyue-Liang},
  booktitle={2021 IEEE International Conference on Imaging Systems and Techniques (IST)},
  pages={1--5},
  year={2021},
  organization={IEEE}
}

@article{liu2017fuzzy,
  title={Fuzzy-based information decomposition for incomplete and imbalanced data learning},
  author={Liu, Shigang and Zhang, Jun and Xiang, Yang and Zhou, Wanlei},
  journal={IEEE Transactions on Fuzzy Systems},
  volume={25},
  number={6},
  pages={1476--1490},
  year={2017},
  publisher={IEEE}
}

@article{cho2020instance,
  title={Instance-based entropy fuzzy support vector machine for imbalanced data},
  author={Cho, Poongjin and Lee, Minhyuk and Chang, Woojin},
  journal={Pattern Analysis and Applications},
  volume={23},
  number={3},
  pages={1183--1202},
  year={2020},
  publisher={Springer}
}

@article{patel2017classification,
  title={Classification of imbalanced data using a modified fuzzy-neighbor weighted approach},
  author={Patel, Harshita and Thakur, Ghanshyam Singh},
  journal={International Journal of Intelligent Engineering and Systems},
  volume={10},
  number={1},
  pages={56--64},
  year={2017}
}

% fuzzy loss functions applied to decision trees
@inbook{burduk2008possibility,
    author = {Burduk, Robert},
    year = {2008},
    month = {09},
    pages = {476-481},
    title = {Possibility of Use a Fuzzy Loss Function in Medical Diagnostics},
    volume = {47},
    isbn = {978-3-540-68167-0},
    doi = {10.1007/978-3-540-68168-7_53}
}

@book{vluymans2019dealing,
  title={Dealing with imbalanced and weakly labelled data in machine learning using fuzzy and rough set methods},
  author={Vluymans, Sarah},
  year={2019},
  publisher={Springer}
}

@article{fernandez2010solving,
  title={Solving multi-class problems with linguistic fuzzy rule based classification systems based on pairwise learning and preference relations},
  author={Fern{\'a}ndez, Alberto and Calder{\'o}n, Mar{\'\i}a and Barrenechea, Edurne and Bustince, Humberto and Herrera, Francisco},
  journal={Fuzzy sets and systems},
  volume={161},
  number={23},
  pages={3064--3080},
  year={2010},
  publisher={Elsevier}
}

@article{hastie1997classification,
  title={Classification by pairwise coupling},
  author={Hastie, Trevor and Tibshirani, Robert},
  journal={Advances in neural information processing systems},
  volume={10},
  year={1997}
}

@article{hullermeier2010combining,
  title={Combining predictions in pairwise classification: An optimal adaptive voting strategy and its relation to weighted voting},
  author={H{\"u}llermeier, Eyke and Vanderlooy, Stijn},
  journal={Pattern Recognition},
  volume={43},
  number={1},
  pages={128--142},
  year={2010},
  publisher={Elsevier}
}


%%%%%%%%%%%%%%%%%%%%%%%%%%%%%%%%%%%%%%%%%%%%
%
%   DATASETS
%
%%%%%%%%%%%%%%%%%%%%%%%%%%%%%%%%%%%%%%%%%%%%
%UTKFace
@inproceedings{zhifei2017cvpr,
  title={Age Progression/Regression by Conditional Adversarial Autoencoder},
  author={Zhang, Zhifei, Song, Yang, and Qi, Hairong},
  booktitle={IEEE Conference on Computer Vision and Pattern Recognition (CVPR)},
  year={2017},
  organization={IEEE}
}

% PlantVillage
@article{hughes2015open,
  title={An open access repository of images on plant health to enable the development of mobile disease diagnostics},
  author={Hughes, David and Salath{\'e}, Marcel and others},
  journal={arXiv preprint arXiv:1511.08060},
  year={2015}
}

%%%%%%%%%%%%%%%%%%%%%%%%%%%%%%%%%%%%%%%%%%%%
%
%   PAGINAS WEB
%
%%%%%%%%%%%%%%%%%%%%%%%%%%%%%%%%%%%%%%%%%%%%
@misc{ILSVRC,
  title = {ImageNet Large Scale Visual Recognition Challenge},
  howpublished = {\url{https://image-net.org/challenges/LSVRC/}},
  note = {Consultado: 17-11-2022}
}

@misc{UTKFACE,
  title = {UTKFace - Large Scale Face Dataset},
  howpublished = {\url{https://susanqq.github.io/UTKFace/}},
  note = {Consultado: 30-11-2022}
}

@misc{
    GoogleGAN,
    title={Machine Learning and Generative Adversarial Networks course},
    url={https://developers.google.com/machine-learning/gan/training?hl=es-419},
    journal={Google},
    publisher={Google},
    note = {Consultado: 12-04-2023}
} 


%%%%%%%%%%%%%%%%%%%%%%%%%%%%%%%%%%%%%%%%%%%%
%
%   FRAMEWORKS Y CODIGO
%
%%%%%%%%%%%%%%%%%%%%%%%%%%%%%%%%%%%%%%%%%%%%

% TensorFlow
@misc{tensorflow2015-whitepaper,
title={ {TensorFlow}: Large-Scale Machine Learning on Heterogeneous Systems},
url={https://www.tensorflow.org/},
note={Software available from tensorflow.org},
author={
    Mart\'{i}n~Abadi and
    Ashish~Agarwal and
    Paul~Barham and
    Eugene~Brevdo and
    Zhifeng~Chen and
    Craig~Citro and
    Greg~S.~Corrado and
    Andy~Davis and
    Jeffrey~Dean and
    Matthieu~Devin and
    Sanjay~Ghemawat and
    Ian~Goodfellow and
    Andrew~Harp and
    Geoffrey~Irving and
    Michael~Isard and
    Yangqing Jia and
    Rafal~Jozefowicz and
    Lukasz~Kaiser and
    Manjunath~Kudlur and
    Josh~Levenberg and
    Dandelion~Man\'{e} and
    Rajat~Monga and
    Sherry~Moore and
    Derek~Murray and
    Chris~Olah and
    Mike~Schuster and
    Jonathon~Shlens and
    Benoit~Steiner and
    Ilya~Sutskever and
    Kunal~Talwar and
    Paul~Tucker and
    Vincent~Vanhoucke and
    Vijay~Vasudevan and
    Fernanda~Vi\'{e}gas and
    Oriol~Vinyals and
    Pete~Warden and
    Martin~Wattenberg and
    Martin~Wicke and
    Yuan~Yu and
    Xiaoqiang~Zheng},
  year={2015},
}

% PyTorch
@incollection{NEURIPS2019_9015,
    title = {PyTorch: An Imperative Style, High-Performance Deep Learning Library},
    author = {Paszke, Adam and Gross, Sam and Massa, Francisco and Lerer, Adam and Bradbury, James and Chanan, Gregory and Killeen, Trevor and Lin, Zeming and Gimelshein, Natalia and Antiga, Luca and Desmaison, Alban and Kopf, Andreas and Yang, Edward and DeVito, Zachary and Raison, Martin and Tejani, Alykhan and Chilamkurthy, Sasank and Steiner, Benoit and Fang, Lu and Bai, Junjie and Chintala, Soumith},
    booktitle = {Advances in Neural Information Processing Systems 32},
    pages = {8024--8035},
    year = {2019},
    publisher = {Curran Associates, Inc.},
    url = {http://papers.neurips.cc/paper/9015-pytorch-an-imperative-style-high-performance-deep-learning-library.pdf}
}

% PyTorch-Lightning
@software{Falcon_PyTorch_Lightning_2019,
    author = {Falcon, William and {The PyTorch Lightning team}},
    doi = {10.5281/zenodo.3828935},
    license = {Apache-2.0},
    month = mar,
    title = {{PyTorch Lightning}},
    url = {https://github.com/Lightning-AI/lightning},
    version = {1.4},
    year = {2019}
}

% sklearn
@article{scikit-learn,
 title={Scikit-learn: Machine Learning in {P}ython},
 author={Pedregosa, F. and Varoquaux, G. and Gramfort, A. and Michel, V.
         and Thirion, B. and Grisel, O. and Blondel, M. and Prettenhofer, P.
         and Weiss, R. and Dubourg, V. and Vanderplas, J. and Passos, A. and
         Cournapeau, D. and Brucher, M. and Perrot, M. and Duchesnay, E.},
 journal={Journal of Machine Learning Research},
 volume={12},
 pages={2825--2830},
 year={2011}
}

% FuzzyLogic
@software{Kiefner_FuzzyLogic_for_Python_2022,
    author = {Kiefner, Anselm},
    doi = {10.5281/zenodo.6881817},
    month = feb,
    title = {{FuzzyLogic for Python}},
    url = {https://github.com/amogorkon/fuzzylogic},
    version = {1.2.0},
    year = {2022}
}

% 

%%%%%%%%%%%%%%%%%%%%%%%%%%%%%%%%%%%%%%%%%%%%%%%

@article{johnson2019survey,
  title={Survey on deep learning with class imbalance},
  author={Johnson, Justin M and Khoshgoftaar, Taghi M},
  journal={Journal of Big Data},
  volume={6},
  number={1},
  pages={1--54},
  year={2019},
  publisher={Springer}
}

@article{upadhyay2021state,
  title={State of the art on data level methods to address class imbalance problem in binary classification},
  author={Upadhyay, Kamlesh and Kaur, Prabhjot and Prasad, SVAV and Vidyapeeth, Lingayas},
  journal={GIS Science Journal},
  year={2021}
}

@article{rahimzadeh2020modified,
  title={A modified deep convolutional neural network for detecting COVID-19 and pneumonia from chest X-ray images based on the concatenation of Xception and ResNet50V2},
  author={Rahimzadeh, Mohammad and Attar, Abolfazl},
  journal={Informatics in medicine unlocked},
  volume={19},
  pages={100360},
  year={2020},
  publisher={Elsevier}
}

@Article{narayanan2020transfer,
    AUTHOR = {Narayanan, Barath Narayanan and Hardie, Russell C. and Krishnaraja, Vignesh and Karam, Christina and Davuluru, Venkata Salini Priyamvada},
    TITLE = {Transfer-to-Transfer Learning Approach for Computer Aided Detection of COVID-19 in Chest Radiographs},
    JOURNAL = {AI},
    VOLUME = {1},
    YEAR = {2020},
    NUMBER = {4},
    PAGES = {539--557},
    URL = {https://www.mdpi.com/2673-2688/1/4/32},
    ISSN = {2673-2688}
}

@inproceedings{ghanem2008learning,
  title={Learning in imbalanced relational data},
  author={Ghanem, Amal S and Venkatesh, Svetha and West, Geoff},
  booktitle={2008 19th International Conference on Pattern Recognition},
  pages={1--4},
  year={2008},
  organization={IEEE}
}

@article{liu2022solving,
  title={Solving the class imbalance problem using ensemble algorithm: application of screening for aortic dissection},
  author={Liu, Lijue and Wu, Xiaoyu and Li, Shihao and Li, Yi and Tan, Shiyang and Bai, Yongping},
  journal={BMC Medical Informatics and Decision Making},
  volume={22},
  number={1},
  pages={1--16},
  year={2022},
  publisher={BioMed Central}
}

@article{khan2017cost,
  title={Cost-sensitive learning of deep feature representations from imbalanced data},
  author={Khan, Salman H and Hayat, Munawar and Bennamoun, Mohammed and Sohel, Ferdous A and Togneri, Roberto},
  journal={IEEE transactions on neural networks and learning systems},
  volume={29},
  number={8},
  pages={3573--3587},
  year={2017},
  publisher={IEEE}
}

% Label smoothing
@InProceedings{Szegedy_2016_CVPR,
    author = {Szegedy, Christian and Vanhoucke, Vincent and Ioffe, Sergey and Shlens, Jon and Wojna, Zbigniew},
    title = {Rethinking the Inception Architecture for Computer Vision},
    booktitle = {Proceedings of the IEEE Conference on Computer Vision and Pattern Recognition (CVPR)},
    month = {June},
    year = {2016}
}

% DataBoost-IM
@article{guo2004learning,
  title={Learning from imbalanced data sets with boosting and data generation: the databoost-im approach},
  author={Guo, Hongyu and Viktor, Herna L},
  journal={ACM Sigkdd Explorations Newsletter},
  volume={6},
  number={1},
  pages={30--39},
  year={2004},
  publisher={ACM New York, NY, USA}
}

% cluster-based undersampling
@article{lin2017clustering,
  title={Clustering-based undersampling in class-imbalanced data},
  author={Lin, Wei-Chao and Tsai, Chih-Fong and Hu, Ya-Han and Jhang, Jing-Shang},
  journal={Information Sciences},
  volume={409},
  pages={17--26},
  year={2017},
  publisher={Elsevier}
}

% bias en la sociedad
@article{nelson2019bias,
  title={Bias in artificial intelligence},
  author={Nelson, Gregory S},
  journal={North Carolina medical journal},
  volume={80},
  number={4},
  pages={220--222},
  year={2019},
  publisher={NCIOM, The Duke Endowment}
}

% measures of dataset complexity
@inproceedings{rahane2020measures,
  title={Measures of complexity for large scale image datasets},
  author={Rahane, Ameet Annasaheb and Subramanian, Anbumani},
  booktitle={2020 International Conference on Artificial Intelligence in Information and Communication (ICAIIC)},
  pages={282--287},
  year={2020},
  organization={IEEE}
}

% Midjoruney
@inproceedings{oppenlaender2022creativity,
  title={The Creativity of Text-to-Image Generation},
  author={Oppenlaender, Jonas},
  booktitle={Proceedings of the 25th International Academic Mindtrek Conference},
  pages={192--202},
  year={2022}
}

% Stable diffusion
@inproceedings{rombach2022high,
  title={High-resolution image synthesis with latent diffusion models},
  author={Rombach, Robin and Blattmann, Andreas and Lorenz, Dominik and Esser, Patrick and Ommer, Bj{\"o}rn},
  booktitle={Proceedings of the IEEE/CVF Conference on Computer Vision and Pattern Recognition},
  pages={10684--10695},
  year={2022}
}

%%%%%%%%%%%%%%%%%%%%%
% Fuzzy optimizacion

    % papers relacionados (no para mi, da para otro tfg pero como idea):

% Distributed Evolutionary Hyperparameter Optimization for Fuzzy Time Series
% Optimize TSK Fuzzy Systems for Regression Problems: Minibatch Gradient Descent With Regularization, DropRule, and AdaBound (MBGD-RDA)
% Particle Swarm Optimization For Fuzzy Membership Functions Optimization
% A Fast and Accurate Rule-Base Generation Method for Mamdani Fuzzy Systems
% Diagnosis of diabetes diseases using optimized fuzzy rule set by grey wolf optimization
% Optimization of fuzzy rules design using genetic algorithm
% Techniques for Learning and Tuning Fuzzy Rule-Based Systems for Linguistic Modeling and their Application

@inproceedings{mamdani1974application,
  title={Application of fuzzy algorithms for control of simple dynamic plant},
  author={Mamdani, Ebrahim H},
  booktitle={Proceedings of the institution of electrical engineers},
  volume={121},
  number={12},
  pages={1585--1588},
  year={1974},
  organization={IET}
}
@inproceedings{esmin2002particle,
  title={Particle swarm optimization for fuzzy membership functions optimization},
  author={Esmin, AAA and Aoki, AR and Lambert-Torres, G},
  booktitle={IEEE International Conference on Systems, Man and Cybernetics},
  volume={3},
  pages={6--pp},
  year={2002},
  organization={IEEE}
}
@article{alcala1999techniques,
  title={Techniques for Learning and Tuning Fuzzy Rule-Based Systems for Linguistic Modeling and Their Application Knowledge Engineering Systems, Techniques and Applications},
  author={Alcal{\'a}, R and Casillas, J and Cord{\'o}n, O and Herrera, F and Zwir, JS},
  journal={Systems, Techniques and Applications},
  year={1999},
  publisher={New York: Academic}
}
@article{jang1993anfis,
  title={ANFIS: adaptive-network-based fuzzy inference system},
  author={Jang, J-SR},
  journal={IEEE transactions on systems, man, and cybernetics},
  volume={23},
  number={3},
  pages={665--685},
  year={1993},
  publisher={IEEE}
}
@inproceedings{kang2006optimization,
  title={Optimization of fuzzy rules: integrated approach for classification problems},
  author={Kang, Yunjeong and Lee, Malrey and Lee, Yongseok and Gatton, Thomas M},
  booktitle={Computational Science and Its Applications-ICCSA 2006: International Conference, Glasgow, UK, May 8-11, 2006, Proceedings, Part V 6},
  pages={665--674},
  year={2006},
  organization={Springer}
}